<?xml version="1.0" encoding="UTF-8"?><record xmlns="http://www.loc.gov/MARC21/slim" xmlns:cinclude="http://apache.org/cocoon/include/1.0" xmlns:zs="http://www.loc.gov/zing/srw/">
  <leader>01079cz  a2200253n  4500</leader>
  <controlfield tag="001">n  86723881 </controlfield>
  <controlfield tag="003">DLC</controlfield>
  <controlfield tag="005">20040914052255.0</controlfield>
  <controlfield tag="008">890124n| acaabaaan          |a ana     c</controlfield>
  <datafield tag="010" ind1=" " ind2=" ">
    <subfield code="a">n  86723881 </subfield>
  </datafield>
  <datafield tag="035" ind1=" " ind2=" ">
    <subfield code="a">(OCoLC)oca02443665</subfield>
  </datafield>
  <datafield tag="040" ind1=" " ind2=" ">
    <subfield code="a">DGPO</subfield>
    <subfield code="c">DLC</subfield>
    <subfield code="d">DLC</subfield>
    <subfield code="d">MnMpUMNX</subfield>
  </datafield>
  <datafield tag="130" ind1=" " ind2="0">
    <subfield code="a">Military Airlift Command Historical Office special study</subfield>
  </datafield>
  <datafield tag="410" ind1="1" ind2=" ">
    <subfield code="a">United States.</subfield>
    <subfield code="b">Air Force.</subfield>
    <subfield code="b">Military Airlift Command.</subfield>
    <subfield code="b">Command Historical Office.</subfield>
    <subfield code="t">Military Airlift Command Historical Office special study</subfield>
  </datafield>
  <datafield tag="430" ind1=" " ind2="0">
    <subfield code="a">Office of MAC History special study</subfield>
  </datafield>
  <datafield tag="430" ind1=" " ind2="0">
    <subfield code="a">Special study (United States. Air Force. Military Airlift Command. Command Historical Office)</subfield>
  </datafield>
  <datafield tag="643" ind1=" " ind2=" ">
    <subfield code="a">Scott AFB, Ill.</subfield>
    <subfield code="b">Military Airlift Command, U.S. Air Force</subfield>
  </datafield>
  <datafield tag="644" ind1=" " ind2=" ">
    <subfield code="a">f</subfield>
    <subfield code="5">DLC</subfield>
  </datafield>
  <datafield tag="645" ind1=" " ind2=" ">
    <subfield code="a">t</subfield>
    <subfield code="5">DLC</subfield>
  </datafield>
  <datafield tag="646" ind1=" " ind2=" ">
    <subfield code="a">s</subfield>
    <subfield code="5">DLC</subfield>
  </datafield>
  <datafield tag="667" ind1=" " ind2=" ">
    <subfield code="a">Document.</subfield>
  </datafield>
  <datafield tag="670" ind1=" " ind2=" ">
    <subfield code="a">The Berlin Airlift, 1988:</subfield>
    <subfield code="b">t.p. (Office of MAC History special study)</subfield>
  </datafield>
  <datafield tag="670" ind1=" " ind2=" ">
    <subfield code="a">Markus, R. M. Air Weather Service, 1987:</subfield>
    <subfield code="b">t.p.</subfield>
  </datafield>
  <datafield tag="670" ind1=" " ind2=" ">
    <subfield code="a">Underwood, J.S.  Military aircraft comes of age, 1989:</subfield>
    <subfield code="b">t.p. (Special study, Office of MAC History)</subfield>
  </datafield>
</record>